% 您的参考文献数据库内容会在编译时自动生成到这个文件中
