@article{liuOptimizationdrivenDynamicVehicle2019,
  title = {An Optimization-Driven Dynamic Vehicle Routing Algorithm for on-Demand Meal Delivery Using Drones},
  author = {Liu, Yanchao},
  year = {2019},
  month = nov,
  journal = {Computers \& Operations Research},
  volume = {111},
  pages = {1--20},
}

@inproceedings{machovecDynamicHeuristicsSurveillance2021,
  title = {Dynamic {{Heuristics}} for {{Surveillance Mission Scheduling}} with {{Unmanned Aerial Vehicles}} in {{Heterogeneous Environments}}},
  booktitle = {Advances in {{Artificial Intelligence}} and {{Applied Cognitive Computing}}},
  author = {Machovec, Dylan and Crowder, James A. and Siegel, Howard Jay and Pasricha, Sudeep and Maciejewski, Anthony A.},
  year = {2021},
  pages = {583--605},
  publisher = {{Springer International Publishing}},
  address = {{Cham}},
}

@article{altanModelPredictiveControl2020,
  title = {Model Predictive Control of Three-Axis Gimbal System Mounted on {{UAV}} for Real-Time Target Tracking under External Disturbances},
  author = {Altan, Ayta{\c c} and Hac{\i}o{\u g}lu, R{\i}fat},
  year = {2020},
  month = apr,
  journal = {Mechanical Systems and Signal Processing},
  volume = {138},
  pages = {106548},
}

@article{wangMultiUAVReconnaissanceTask2018,
  title = {Multi-{{UAV}} Reconnaissance Task Allocation for Heterogeneous Targets Using an Opposition-Based Genetic Algorithm with Double-Chromosome Encoding},
  author = {Wang, Zhu and Liu, Li and Long, Teng and Wen, Yonglu},
  year = {2018},
  month = feb,
  journal = {Chinese Journal of Aeronautics},
  volume = {31},
  number = {2},
  pages = {339--350},
}

@article{laporteCuttingPlanesAlgorithm1980,
  title = {A {{Cutting Planes Algorithm}} for the M-{{Salesmen Problem}}},
  author = {Laporte, Gilbert and Nobert, Yves},
  year = {1980},
  month = nov,
  journal = {Journal of the Operational Research Society},
  volume = {31},
  number = {11},
  pages = {1017--1023},
}

@article{gerkeyFormalAnalysisTaxonomy2004,
  title = {A {{Formal Analysis}} and {{Taxonomy}} of {{Task Allocation}} in {{Multi-Robot Systems}}},
  author = {Gerkey, Brian P. and Matari{\'c}, Maja J.},
  year = {2004},
  month = sep,
  journal = {The International Journal of Robotics Research},
  volume = {23},
  number = {9},
  pages = {939--954},
  publisher = {{SAGE Publications Ltd STM}},
}

@incollection{richardsCoordinationControlMultiple2002,
  title = {Coordination and {{Control}} of {{Multiple UAVs}}},
  booktitle = {{{AIAA Guidance}}, {{Navigation}}, and {{Control Conference}} and {{Exhibit}}},
  author = {Richards, Arthur and Bellingham, John and Tillerson, Michael and How, Jonathan},
  year = {2002},
  month = aug,
  publisher = {{American Institute of Aeronautics and Astronautics}},
}

@inproceedings{alighanbariCooperativeTaskAssignment2005,
  title = {Cooperative Task Assignment of Unmanned Aerial Vehicles in Adversarial Environments},
  booktitle = {Proceedings of the 2005, {{American Control Conference}}, 2005.},
  author = {Alighanbari, M. and How, J.P.},
  year = {2005},
  pages = {4661--4666},
  publisher = {{IEEE}},
  address = {{Portland, OR, USA}},
}

@inproceedings{forsmoOptimalSearchMission2013,
  title = {Optimal Search Mission with {{Unmanned Aerial Vehicles}} Using {{Mixed Integer Linear Programming}}},
  booktitle = {2013 {{International Conference}} on {{Unmanned Aircraft Systems}} ({{ICUAS}})},
  author = {Forsmo, Erik J. and Gr{\o}tli, Esten I. and Fossen, Thor I. and Johansen, Tor A.},
  year = {2013},
  month = may,
  pages = {253--259},
}

@article{edisonIntegratedTaskAssignment2011,
  title = {Integrated Task Assignment and Path Optimization for Cooperating Uninhabited Aerial Vehicles Using Genetic Algorithms},
  author = {Edison, Eugene and Shima, Tal},
  year = {2011},
  month = jan,
  journal = {Computers \& Operations Research},
  volume = {38},
  number = {1},
  pages = {340--356},
}

@article{gaoMultiUAVReconnaissanceTask2021,
  title = {Multi-{{UAV}} Reconnaissance Task Allocation for Heterogeneous Targets Using Grouping Ant Colony Optimization Algorithm},
  author = {Gao, Sheng and Wu, Jiazheng and Ai, Jianliang},
  year = {2021},
  month = may,
  journal = {Soft Computing},
  volume = {25},
  number = {10},
  pages = {7155--7167},
}

@article{gengParticleSwarmOptimization2021,
  title = {Particle Swarm Optimization Algorithm for the Optimization of Rescue Task Allocation with Uncertain Time Constraints},
  author = {Geng, Na and Chen, Zhiting and Nguyen, Quang A. and Gong, Dunwei},
  year = {2021},
  month = apr,
  journal = {Complex \& Intelligent Systems},
  volume = {7},
  number = {2},
  pages = {873--890},
}

@article{huoNovelSimulatedAnnealing2020,
  title = {A {{Novel Simulated Annealing Based Strategy}} for {{Balanced UAV Task Assignment}} and {{Path Planning}}},
  author = {Huo, Lisu and Zhu, Jianghan and Wu, Guohua and Li, Zhimeng},
  year = {2020},
  month = jan,
  journal = {Sensors},
  volume = {20},
  number = {17},
  pages = {4769},
  publisher = {{Multidisciplinary Digital Publishing Institute}},
}

@article{liuIterativeTwophaseOptimization2021,
  title = {An Iterative Two-Phase Optimization Method Based on Divide and Conquer Framework for Integrated Scheduling of Multiple {{UAVs}}},
  author = {Liu, Huan and Li, Xiamiao and Wu, Guohua and Fan, Mingfeng and Wang, Rui and Gao, Liang and Pedrycz, Witold},
  year = {2021},
  month = sep,
  journal = {IEEE Transactions on Intelligent Transportation Systems},
  volume = {22},
  number = {9},
  pages = {5926--5938},
}

@inproceedings{zitouniDistributedSolutionMultirobot2021,
  title = {A {{Distributed Solution}} to the {{Multi-robot Task Allocation Problem Using Ant Colony Optimization}} and {{Bat Algorithm}}},
  booktitle = {Advances in {{Machine Learning}} and {{Computational Intelligence}}},
  author = {Zitouni, Farouq and Harous, Saad and Maamri, Ramdane},
  year = {2021},
  pages = {477--490},
  publisher = {{Springer}},
  address = {{Singapore}},
}

@article{mnihHumanlevelControlDeep2015a,
  title = {Human-Level Control through Deep Reinforcement Learning},
  author = {Mnih, Volodymyr and Kavukcuoglu, Koray and Silver, David and Rusu, Andrei A. and Veness, Joel and Bellemare, Marc G. and Graves, Alex and Riedmiller, Martin and Fidjeland, Andreas K. and Ostrovski, Georg and Petersen, Stig and Beattie, Charles and Sadik, Amir and Antonoglou, Ioannis and King, Helen and Kumaran, Dharshan and Wierstra, Daan and Legg, Shane and Hassabis, Demis},
  year = {2015},
  month = feb,
  journal = {Nature},
  volume = {518},
  number = {7540},
  pages = {529--533},
  publisher = {{Nature Publishing Group}},
}

@article{zhuOnlineMinimaxNetwork2022,
  title = {Online {{Minimax Q Network Learning}} for {{Two-Player Zero-Sum Markov Games}}},
  author = {Zhu, Yuanheng and Zhao, Dongbin},
  year = {2022},
  month = mar,
  journal = {IEEE Transactions on Neural Networks and Learning Systems},
  volume = {33},
  number = {3},
  pages = {1228--1241},
  issn = {2162-2388},
}

@inproceedings{zhaoSimtoRealTransferDeep2020,
  title = {Sim-to-{{Real Transfer}} in {{Deep Reinforcement Learning}} for {{Robotics}}: A {{Survey}}},
  booktitle = {2020 {{IEEE Symposium Series}} on {{Computational Intelligence}} ({{SSCI}})},
  author = {Zhao, Wenshuai and Queralta, Jorge Pe{\~n}a and Westerlund, Tomi},
  year = {2020},
  pages = {737--744},
}

@inproceedings{luketinaSurveyReinforcementLearning2019,
  title = {A {{Survey}} of {{Reinforcement Learning Informed}} by {{Natural Language}}},
  booktitle = {Proceedings of the {{Twenty-Eighth International Joint Conference}} on {{Artificial Intelligence}}},
  author = {Luketina, Jelena and Nardelli, Nantas and Farquhar, Gregory and Foerster, Jakob and Andreas, Jacob and Grefenstette, Edward and Whiteson, Shimon and Rockt{\"a}schel, Tim},
  year = {2019},
  month = aug,
  pages = {6309--6317},
  publisher = {{International Joint Conferences on Artificial Intelligence Organization}},
  address = {{Macao, China}},
  doi = {10.24963/ijcai.2019/880},
  isbn = {978-0-9992411-4-1},
}

@inproceedings{luLearningbasedIterativeMethod2019,
  title = {A {{Learning-based Iterative Method}} for {{Solving Vehicle Routing Problems}}},
  booktitle = {International {{Conference}} on {{Learning Representations}}},
  author = {Lu, Hao and Zhang, Xingwen and Yang, Shuang},
  year = {2019},
  month = sep,
}

@article{zhengCombiningReinforcementLearning2021,
  title = {Combining {{Reinforcement Learning}} with {{Lin-Kernighan-Helsgaun Algorithm}} for the {{Traveling Salesman Problem}}},
  author = {Zheng, Jiongzhi and He, Kun and Zhou, Jianrong and Jin, Yan and Li, Chu-Min},
  year = {2021},
  month = may,
  journal = {Proceedings of the AAAI Conference on Artificial Intelligence},
  volume = {35},
  number = {14},
  pages = {12445--12452},
}

@article{gamaReinforcementLearningApproach2021a,
  title = {A Reinforcement Learning Approach to the Orienteering Problem with Time Windows},
  author = {Gama, Ricardo and L. Fernandes, Hugo},
  year = {2021},
  month = sep,
  journal = {Computers \& Operations Research},
  volume = {133},
  pages = {105357},
}

@inproceedings{maHierarchicalReinforcementLearning2021,
  title = {A {{Hierarchical Reinforcement Learning Based Optimization Framework}} for {{Large-scale Dynamic Pickup}} and {{Delivery Problems}}},
  booktitle = {Advances in {{Neural Information Processing Systems}}},
  author = {Ma, Yi and Hao, Xiaotian and Hao, Jianye and Lu, Jiawen and Liu, Xing and Xialiang, Tong and Yuan, Mingxuan and Li, Zhigang and Tang, Jie and Meng, Zhaopeng},
  year = {2021},
  volume = {34},
  pages = {23609--23620},
  publisher = {{Curran Associates, Inc.}}
}

@article{choLearningPhraseRepresentations2014,
  title = {Learning Phrase Representations Using {{RNN}} Encoder-Decoder for Statistical Machine Translation},
  author = {Cho, Kyunghyun and {van Merrienboer}, B and Gulcehre, Caglar and Bougares, F and Schwenk, H and Bengio, Yoshua},
  year = {2014},
  journal = {Conference on Empirical Methods in Natural Language Processing (EMNLP 2014)},
}

@inproceedings{vaswaniAttentionAllYou2017,
  title = {Attention Is All You Need},
  booktitle = {Proceedings of the 31st {{International Conference}} on {{Neural Information Processing Systems}}},
  author = {Vaswani, Ashish and Shazeer, Noam and Parmar, Niki and Uszkoreit, Jakob and Jones, Llion and Gomez, Aidan N. and Kaiser, {\L}ukasz and Polosukhin, Illia},
  year = {2017},
  month = dec,
  series = {{{NIPS}}'17},
  pages = {6000--6010},
  publisher = {{Curran Associates Inc.}},
  address = {{Red Hook, NY, USA}},
}

@inproceedings{koolATTENTIONLEARNSOLVE2019a,
  title = {{{ATTENTION}}, {{LEARN TO SOLVE ROUTING PROBLEMS}}!},
  booktitle = {International {{Conference}} on {{Learning Representations}}},
  author = {Kool, Wouter and {van Hoof}, Herke and Welling, Max},
  year = {2019},
}

@article{baconOptionCriticArchitecture2017,
  title = {The {{Option-Critic Architecture}}},
  author = {Bacon, Pierre-Luc and Harb, Jean and Precup, Doina},
  year = {2017},
  month = feb,
  journal = {Proceedings of the AAAI Conference on Artificial Intelligence},
  volume = {31},
  number = {1},
}

@inproceedings{nachumDataEfficientHierarchicalReinforcement2018,
  title = {Data-{{Efficient Hierarchical Reinforcement Learning}}},
  booktitle = {Advances in {{Neural Information Processing Systems}}},
  author = {Nachum, Ofir and Gu, Shixiang (Shane) and Lee, Honglak and Levine, Sergey},
  year = {2018},
  volume = {31},
  publisher = {{Curran Associates, Inc.}}
}

@inproceedings{ramirez-atenciaPerformanceEvaluationMultiUAV2015,
  title = {Performance {{Evaluation}} of {{Multi-UAV Cooperative Mission Planning Models}}},
  booktitle = {Computational {{Collective Intelligence}}},
  author = {{Ramirez-Atencia}, Cristian and {Bello-Orgaz}, Gema and {R-Moreno}, Maria D. and Camacho, David},
  year = {2015},
  pages = {203--212},
  publisher = {{Springer International Publishing}},
  address = {{Cham}},
}

@inproceedings{mitchellMultirobotLongtermPersistent2015,
  title = {Multi-Robot Long-Term Persistent Coverage with Fuel Constrained Robots},
  booktitle = {2015 {{IEEE International Conference}} on {{Robotics}} and {{Automation}} ({{ICRA}})},
  author = {Mitchell, Derek and Corah, Micah and Chakraborty, Nilanjan and Sycara, Katia and Michael, Nathan},
  year = {2015},
  pages = {1093--1099},
}

@article{mufalliSimultaneousSensorSelection2012,
  title = {Simultaneous Sensor Selection and Routing of Unmanned Aerial Vehicles for Complex Mission Plans},
  author = {Mufalli, Frank and Batta, Rajan and Nagi, Rakesh},
  year = {2012},
  month = nov,
  journal = {Computers \& Operations Research},
  volume = {39},
  number = {11},
  pages = {2787--2799},
}

@article{yeCooperativeTaskAssignment2020,
  title = {Cooperative {{Task Assignment}} of a {{Heterogeneous Multi-UAV System Using}} an {{Adaptive Genetic Algorithm}}},
  author = {Ye, Fang and Chen, Jie and Tian, Yuan and Jiang, Tao},
  year = {2020},
  month = apr,
  journal = {Electronics},
  volume = {9},
  number = {4},
  pages = {687},
  publisher = {{Multidisciplinary Digital Publishing Institute}},
}

@inproceedings{shangGAACOHybridAlgorithm2014,
  title = {A {{GA-ACO}} Hybrid Algorithm for the Multi-{{UAV}} Mission Planning Problem},
  booktitle = {2014 14th {{International Symposium}} on {{Communications}} and {{Information Technologies}} ({{ISCIT}})},
  author = {Shang, Ke and Karungaru, Stephen and Feng, Zuren and Ke, Liangjun and Terada, Kenji},
  year = {2014},
  month = sep,
  pages = {243--248},
}

@article{chenMultiUAVTaskAssignment2018a,
  title = {Multi-{{UAV Task Assignment With Parameter}} and {{Time-Sensitive Uncertainties Using Modified Two-Part Wolf Pack Search Algorithm}}},
  author = {Chen, Yongbo and Yang, Di and Yu, Jianqiao},
  year = {2018},
  month = dec,
  journal = {IEEE Transactions on Aerospace and Electronic Systems},
  volume = {54},
  number = {6},
  pages = {2853--2872},
}

@article{guptaDeepReinforcementLearning2021,
  title = {Deep {{Reinforcement Learning Techniques}} in {{Diversified Domains}}: {{A Survey}}},
  author = {Gupta, Surbhi and Singal, Gaurav and Garg, Deepak},
  year = {2021},
  month = dec,
  journal = {Archives of Computational Methods in Engineering},
  volume = {28},
  number = {7},
  pages = {4715--4754},
}

@article{zhaoTwoPhaseNeuralCombinatorial2020,
  title = {Two-{{Phase Neural Combinatorial Optimization}} with {{Reinforcement Learning}} for {{Agile Satellite Scheduling}}},
  author = {Zhao, Xuexuan and Wang, Zhaokui and Zheng, Gangtie},
  year = {2020},
  journal = {Journal of Aerospace Information Systems},
  volume = {17},
  number = {7},
  pages = {346--357},
  publisher = {{American Institute of Aeronautics and Astronautics}},
}

@article{wangHierarchicalReinforcementLearning2021,
  title = {Hierarchical {{Reinforcement Learning}} for {{Vehicle Routing Problems}} with {{Time Windows}}},
  author = {Wang, Yunli and Sun, Sun and Li, Wei},
  year = {2021},
  month = jun,
  journal = {Proceedings of the Canadian Conference on Artificial Intelligence},
}

@article{belloNeuralCombinatorialOptimization2017,
  title = {Neural {{Combinatorial Optimization}} with {{Reinforcement Learning}}},
  author = {Bello, Irwan and Pham, Hieu and Le, Quoc and Norouzi, Mohammad and Bengio, Samy},
  year = {2017},
  month = feb,
}

@inproceedings{vinyalsPointerNetworks2015,
  title = {Pointer {{Networks}}},
  booktitle = {Advances in {{Neural Information Processing Systems}}},
  author = {Vinyals, Oriol and Fortunato, Meire and Jaitly, Navdeep},
  year = {2015},
  volume = {28},
  publisher = {{Curran Associates, Inc.}}
}

@article{maCombinatorialOptimizationGraph2019a,
  title = {Combinatorial {{Optimization}} by {{Graph Pointer Networks}} and {{Hierarchical Reinforcement Learning}}},
  author = {Ma, Qiang and Ge, Suwen and He, Danyang and Thaker, Darshan and Drori, Iddo},
  year = {2019},
  month = nov,
  journal = {arXiv:1911.04936 [cs, stat]},
  eprint = {1911.04936},
  eprinttype = {arxiv},
  primaryclass = {cs, stat},
  archiveprefix = {arXiv},
  langid = {english}
}


@article{xuReinforcementLearningMultiple2022,
  title = {Reinforcement {{Learning With Multiple Relational Attention}} for {{Solving Vehicle Routing Problems}}},
  author = {Xu, Yunqiu and Fang, Meng and Chen, Ling and Xu, Gangyan and Du, Yali and Zhang, Chengqi},
  year = {2022},
  month = oct,
  journal = {IEEE Transactions on Cybernetics},
  volume = {52},
  number = {10},
  pages = {11107--11120},
}

@article{huReinforcementLearningApproach2020,
  title = {A Reinforcement Learning Approach for Optimizing Multiple Traveling Salesman Problems over Graphs},
  author = {Hu, Yujiao and Yao, Yuan and Lee, Wee Sun},
  year = {2020},
  month = sep,
  journal = {Knowledge-Based Systems},
  volume = {204},
  pages = {106244},
}

@misc{liuDeepReinforcementLearning2022,
  title = {Deep {{Reinforcement Learning}} for {{Orienteering Problems Based}} on {{Decomposition}}},
  author = {Liu, Wei and Zhang, Tao and Wang, Rui and Li, Kaiwen and Li, Wenhua and Yang, Kang},
  year = {2022},
  month = apr,
  number = {arXiv:2204.11575},
  eprint = {2204.11575},
  eprinttype = {arxiv},
  primaryclass = {cs},
  publisher = {{arXiv}},
  archiveprefix = {arXiv},
}

@article{xuTwoPhaseHeuristic2018,
  title = {Two Phase Heuristic Algorithm for the Multiple-Travelling Salesman Problem},
  author = {Xu, Xiaolong and Yuan, Hao and Liptrott, Mark and Trovati, Marcello},
  year = {2018},
  month = oct,
  journal = {Soft Computing},
  volume = {22},
  number = {19},
  pages = {6567--6581},
}

@article{dolinskayaAdaptiveOrienteeringProblem2018,
  title = {Adaptive Orienteering Problem with Stochastic Travel Times},
  author = {Dolinskaya, Irina and Shi, Zhenyu (Edwin) and Smilowitz, Karen},
  year = {2018},
  month = jan,
  journal = {Transportation Research Part E: Logistics and Transportation Review},
  volume = {109},
  pages = {1--19},
}

@article{tetkoStateoftheartAugmentedNLP2020,
  title = {State-of-the-Art Augmented {{NLP}} Transformer Models for Direct and Single-Step Retrosynthesis},
  author = {Tetko, Igor V. and Karpov, Pavel and Van Deursen, Ruud and Godin, Guillaume},
  year = {2020},
  month = nov,
  journal = {Nature Communications},
  volume = {11},
  number = {1},
  pages = {5575},
}


@inproceedings{dosovitskiyImageWorth16x162020,
  title = {An {{Image}} Is {{Worth}} 16x16 {{Words}}: {{Transformers}} for {{Image Recognition}} at {{Scale}}},
  booktitle = {International {{Conference}} on {{Learning Representations}}},
  author = {Dosovitskiy, Alexey and Beyer, Lucas and Kolesnikov, Alexander and Weissenborn, Dirk and Zhai, Xiaohua and Unterthiner, Thomas and Dehghani, Mostafa and Minderer, Matthias and Heigold, Georg and Gelly, Sylvain and Uszkoreit, Jakob and Houlsby, Neil},
  year = {2020},
  month = sep,
}

@inproceedings{sunBERT4RecSequentialRecommendation2019,
  title = {{{BERT4Rec}}: {{Sequential Recommendation}} with {{Bidirectional Encoder Representations}} from {{Transformer}}},
  booktitle = {Proceedings of the 28th {{ACM International Conference}} on {{Information}} and {{Knowledge Management}}},
  author = {Sun, Fei and Liu, Jun and Wu, Jian and Pei, Changhua and Lin, Xiao and Ou, Wenwu and Jiang, Peng},
  year = {2019},
  month = nov,
  pages = {1441--1450},
  publisher = {{Association for Computing Machinery}},
  address = {{New York, NY, USA}},
}

@article{liDeepReinforcementLearning2021c,
  title = {Deep {{Reinforcement Learning}} for {{Solving}} the {{Heterogeneous Capacitated Vehicle Routing Problem}}},
  author = {Li, Jingwen and Ma, Yining and Gao, Ruize and Cao, Zhiguang and Lim, Andrew and Song, Wen and Zhang, Jie},
  year = {2021},
  journal = {IEEE Transactions on Cybernetics},
  pages = {1--14},
  issn = {2168-2267, 2168-2275},
  doi = {10.1109/tcyb.2021.3111082},
  langid = {english}
}

@inproceedings{nazariReinforcementLearningSolving2018c,
  title = {Reinforcement {{Learning}} for {{Solving}} the {{Vehicle Routing Problem}}},
  booktitle = {Advances in {{Neural Information Processing Systems}}},
  author = {Nazari, MohammadReza and Oroojlooy, Afshin and Snyder, Lawrence and Takac, Martin},
  year = {2018},
  volume = {31},
  publisher = {{Curran Associates, Inc.}}
}

@incollection{raza2022vehicle,
  title={Vehicle Routing Problem using Reinforcement Learning: Recent Advancements},
  author={Raza, Syed Mohib and Sajid, Mohammad and Singh, Jagendra},
  booktitle={Advanced Machine Intelligence and Signal Processing},
  pages={269--280},
  year={2022},
  publisher={Springer}
}

@article{luo2021real,
  title={Real-time scheduling for dynamic partial-no-wait multiobjective flexible job shop by deep reinforcement learning},
  author={Luo, Shu and Zhang, Linxuan and Fan, Yushun},
  journal={IEEE Transactions on Automation Science and Engineering},
  volume={19},
  number={4},
  pages={3020--3038},
  year={2021},
  publisher={IEEE}
}